@MISC{web:1,
HOWPUBLISHED = "\url{https://www.latex-tutorial.com/quick-start/}",
TITLE = "LaTeX introduction / Quick-start guide",
MONTH = "October",
YEAR = "2017",
NOTE = "Accessed on 2020"
}
@MISC{web:2,
HOWPUBLISHED = "\url{https://en.wikibooks.org/wiki/LaTeX}",
TITLE = "LATEX",
MONTH = "May",
YEAR = "2020",
NOTE = "Accessed on 2020"
}
@MISC{web:3,
HOWPUBLISHED = "\url{https://www.overleaf.com/latex/templates}",
TITLE = "Templates",
YEAR = "2020",
NOTE = "Accessed on 2020"
}
@MISC{web:4,
HOWPUBLISHED = "\url{https://www.latex-tutorial.com/tutorials/bibtex/#Formats}",
TITLE = "BibTeX Formats",
MONTH = "October",
YEAR = "2017",
NOTE = "Accessed on 2020"
}
@MISC{web:5,
HOWPUBLISHED = "\url{https://pypi.org/project/networkx/}",
AUTHOR = "Aric Hagberg, Dan Schult, Pieter Swart",
TITLE = "networkx",
YEAR = "2004-2019",
NOTE = "Accessed on 2020"
}
@MISC{web:6,
HOWPUBLISHED = "\url{https://www.libreoffice.org/discover/draw/}",
TITLE = "Draw",
NOTE = "Accessed on 2020"
}
