@MISC{WEBSITE:1,
	HOWPUBLISHED = "\url{https://en.wikipedia.org/wiki/Reverse_engineering}",
	AUTHOR = "Wikipedia",
	TITLE = "Reverse engineering",
	MONTH = "September",
	YEAR = "2019",
	NOTE = "Accessed on 2020-1-30"
}
